@article{Augustyn,
 author = {Augustyn, Adam},
 year = {2014},
 title = {Big East Conference},
 journal = {Encyclopedia Britannica},
 url = {https://www.britannica.com/topic/Big-East-Conference}
}

@book{Brust,
      title = {\textup{Brust v. Regents of University of California 2-07-1488-FCD-EFB (2008)}}, 
      author = {},
      date = {},
      }

@article{Deaner,
  title={Sex differences in sports interest and motivation: An evolutionary perspective.},
  author={Deaner, Balish},
  journal={Women in Sport and Physical Activity Journal},
  year={2003},
  number = {2},
  volume={12},
  pages={5-26}
  url={https://journals.humankinetics.com/view/journalwspaj/12/2/article-p5.xml?alreadyAuthRedirecting}
}

@article{Doyle,
 author = {Doyle, Paul},
 year = {2021},
 title = {UConn tried eliminating its rowing team. A lawsuit settlement will keep the team alive and prompt future investment.},
 journal = {CT Insider},
 url = {https://www.ctinsider.com/sports/uconn/article/UConn-tried-eliminating-its-rowing-team-A-16738923.php}
}

@misc{keye,
  author    = {U.S. Department of Education},
  title     = {Equity in Athletics Data Analysis},
  year      = {2016-2020},
  url       ={ [https://ope.ed.gov/athletics//},
  publisher = {Office of Postsecondary Education},
}

@misc{keyi,
  author    = {U.S. Department of Education},
  title     = {Integrated Postsecondary Education Data System},
  year      = {2016-2020},
  url      ={https://nces.ed.gov/ipeds/use-the-data},
  publisher = {National Center for Education Statistics},
}

@article{Mak,
  title={The Impact of Title IX on Athletics Development
in the United States},
  author={Mak, Jennifer},
  journal={Journal of Physical Education Recreation},
  number = {1},
  volume={12},
  year={2006},
  pages={34-38}
  URL={https://core.ac.uk/download/pdf/232722861.pdf}
}

@book{Neal,
    title = {\textup{Neal v. Bd. Of Trustees of Cal. State univ.,9th Circuit. 198 F.3d 763, (1999)}}, 
    author ={},
    date = {}, 
     }

@book{Pederson,
      title = {\textup{Pederson v. Louisiana State University 213 F.3d 858. (2000)}}, 
      author={},
      date = {},
     }

@article{Schwarz,
  title={Timeout! Getting Back to What Title IX Intended and Encouraging Courts and the Office of Civil Rights to Re-evaluate the Three-Prong Compliance Test},
  author={Schwarz, Rachel},
  journal={Washington and Lee Journal of Civil Rights and Social Justice},
  year={2014},
  volume={20},
  pages={633}
  URL={https://scholarlycommons.law.wlu.edu/crsj/vol20/iss2/12}
}

@book{Stanley,
  title         = {\textup{Stanley v. University Southern Calif, 178 F.3d 1069. (1999)}},
  author = {},
  date     = {},
}

@article{Thomas,
 author = {Thomas, Katie},
 year = {2011},
 title = {College Teams, Relying on Deception, Undermine Gender Equity},
 journal = {New York Times},
 url = {https://www.nytimes.com/2011/04/26/sports/26titleix.html}
}

@article{Watson,
  title={Title IX: Forced to Wrestle up the Backside},
  author={Walton, Theresa},
  journal={Women in Sport and Physical Activity Journal},
  year={2003},
  number = {2},
  volume={12},
  pages={5-26}
  URL={https://doi.org/10.1123/wspaj.12.2.5}
}











